@INPROCEEDINGS{ref1, 
author={Ribeiro, P. and Polinder, H. and Verkerk, M. J.}, 
booktitle={Power and Energy Society General Meeting, 2012 IEEE}, 
title={Philosophical considerations on the design of smart grids}, 
year={2012}, 
pages={1-3}, 
keywords={investment;power system economics;power system reliability;power system security;renewable energy sources;smart power grids;ICT infrastructure;data collection process;data protection;data security;distribution systems;electric power grid;energy consumption;interconnected system;microgrids;project investments;reliability;renewable energy sources;smart control systems;smart grid European projects;smart grid design;supergrids;sustainable electrical systems;sustainable energy sources;Biological system modeling;Complexity theory;Control systems;Education;Europe;Security;Smart grids}, 
doi={10.1109/PESGM.2012.6344925}, 
ISSN={1944-9925},}

@INPROCEEDINGS{ref2, 
author={Aghaebrahimi, M.R. and Tourani, M. and Amiri, M.}, 
booktitle={Electrical Power and Energy Conference (EPEC), 2011 IEEE}, 
title={Power consumption management and control for peak load reduction in Smart Grids using UPFC}, 
year={2011}, 
pages={327-333}, 
keywords={load flow control;power consumption;power generation economics;power transmission lines;smart power grids;UPFC;autobalancing power grids;cost reduction;economic benefits;generation costs;intelligent power grids;load reduction;power consumption control;power consumption management;reliability;self-monitoring power grids;smart grids;transmission lines;unified power flow control;Energy management;Generators;Load flow;Load modeling;Optimization;Propagation losses;Smart grids;Comsumption Managment;Losses;Overload;Peak Reduction;Smart Grids;UPFC}, 
doi={10.1109/EPEC.2011.6070220},}

@report{ref3,
author = {Dave Evans},
title = {The Internet of Things: How the Next Evolution of the Internet 
Is Changing Everything},
type = {White paper},
institution = {Cisco IBSG},
year = {2011},}

@INPROCEEDINGS{ref4, 
author={Zhichun Wang and Rongfang Bie and Mingquan Zhou}, 
booktitle={Trust, Security and Privacy in Computing and Communications (TrustCom), 2012 IEEE 11th International Conference on}, 
title={Hybrid Ontology Matching for Solving the Heterogeneous Problem of the IoT}, 
year={2012}, 
pages={1799-1804}, 
keywords={Internet;ontologies (artificial intelligence);pattern matching;Internet of Things;IoT;data communications;embedding wireless devices;heterogeneous problem;hybrid ontology matching;semantic technology;Animals;Context;Educational institutions;Ontologies;Resource description framework;Semantics;Vectors;Heterogeneity;Interner of Things;Ontology Matching;Semantic Web}, 
doi={10.1109/TrustCom.2012.177},}

@ARTICLE{ref5, 
author={Ziming Zhu and Lambotharan, S. and Woon Hau Chin and Zhong Fan}, 
journal={Wireless Communications, IEEE}, 
title={Overview of demand management in smart grid and enabling wireless communication technologies}, 
year={2012}, 
volume={19}, 
number={3}, 
pages={48-56}, 
keywords={demand side management;radio networks;smart power grids;ICT;century old mechanism;distribution systems;information and communication technology;intelligent power grids;optimal demand management;power generation;power generation regulation;renewable energy supply;smart grid;vertically integrated utilities;wireless communication technology;Communication system security;Electricity supply industry;Home appliances;Optimization;Power system management;Smart grids;Supply and demand;Wireless communication;Wireless sensor networks}, 
doi={10.1109/MWC.2012.6231159}, 
ISSN={1536-1284},}

@INPROCEEDINGS{ref6, 
author={Cecati, C. and Mokryani, Geev and Piccolo, A. and Siano, P.}, 
booktitle={IECON 2010 - 36th Annual Conference on IEEE Industrial Electronics Society}, 
title={An overview on the smart grid concept}, 
year={2010}, 
pages={3322-3327}, 
keywords={smart power grids;collaborative process;electric power grid;energy infrastructure;information technology;smart grid concept;Electricity;Europe;Power system dynamics;Power system reliability;Smart grids;Voltage control;Computational Intelligence (CI) methods;Distributed Generation (DG);Flexible AC Transmission System (FACTS) devices;High Voltage DC (HVDC);Renewable Energy Sources (RES);Smart Grid (SG)}, 
doi={10.1109/IECON.2010.5675310}, 
ISSN={1553-572X},}