@article{
ref1,
Author = {BChia-Wen Lu, Shu-Cheng Li, Quincy Wu},
Title = {The Internet of Things – Promise for the
Future? An Introduction},
Journal = {IEEE},
Year = {2011} }

@article{
ref2,
Author = {Md. Sakhawat Hossen, A. F. M. Sultanul Kabir, Razib Hayat Khan,
Abdullah Azfar},
Title = {Interconnecting ZigBee and 6LoWPAN Wireless
Sensor Networks for Smart Grid Applications},
Journal = {International Journal of
Computer Science Issues (IJCSI)},
Year = {January 2010},

volume={Vol.7, No.}, 
pages={19-31}}

@article{
ref3,
Author = {Kouche, A.E.},
Title = {Towards a wireless sensor network platform for the Internet of Things: Sprouts WSN platform},
Journal = {IEEE},
Year = {June 2012},
pages={632 - 636}}

@article{
ref4,
Author = {Q. Zhu, R. Wang, Q. Chen, Y. Liu and W. Qin†},
Title = {IOT Gateway: Bridging Wireless Sensor Networks into Internet of Things},
Journal = {IEEE},
Year = {December 2010},
pages={347-352}}